@misc{accman,
author="http://developer.android.com/",
title="The Developer's Guide",
howpublished="[online]",
note="[cit. 2013-7-2]",
url="http://developer.android.com/reference/android/accounts/AccountManager.html"
}
